@ARTICLE{infomationflow,
	AUTHOR = "K. {Wongsuphasawat} and D. {Smilkov} and J. {Wexler} and J. {Wilson} and D. {Mané} and D. {Fritz} and D. {Krishnan} and F. B. {Viégas} and M. {Wattenberg}",
	TITLE = "Visualizing Dataflow Graphs of Deep Learning Models in TensorFlow",
	JOURNAL = "IEEE Transactions on Visualization and Computer Graphics",
	VOLUME = {24},
	NUMBER = {1},
	PAGES = {1-12},
	MONTH = "Jan",
	YEAR = {2018}	}
    
    @inproceedings{lime,
  title={Why should i trust you?: Explaining the predictions of any classifier},
  author={Ribeiro, Marco Tulio and Singh, Sameer and Guestrin, Carlos},
  booktitle={Proceedings of the 22nd ACM SIGKDD international conference on knowledge discovery and data mining},
  pages={1135--1144},
  year={2016},
  organization={ACM}
}
@article{deeptaylor,
  title={Explaining nonlinear classification decisions with deep taylor decomposition},
  author={Montavon, Gr{\'e}goire and Lapuschkin, Sebastian and Binder, Alexander and Samek, Wojciech and M{\"u}ller, Klaus-Robert},
  journal={Pattern Recognition},
  volume={65},
  pages={211--222},
  year={2017},
  publisher={Elsevier}
}


@article{anchors,
  title={A survey of methods for explaining black box models},
  author={Guidotti, Riccardo and Monreale, Anna and Ruggieri, Salvatore and Turini, Franco and Giannotti, Fosca and Pedreschi, Dino},
  journal={ACM computing surveys (CSUR)},
  volume={51},
  number={5},
  pages={93},
  year={2018},
  publisher={ACM}
}

@article{knowGenMode,
  title={Knowledge generation model for visual analytics},
  author={Sacha, Dominik and Stoffel, Andreas and Stoffel, Florian and Kwon, Bum Chul and Ellis, Geoffrey and Keim, Daniel A},
  journal={IEEE transactions on visualization and computer graphics},
  volume={20},
  number={12},
  pages={1604--1613},
  year={2014},
  publisher={IEEE}
}

@inproceedings{verbalization,
  title={Going beyond visualization: Verbalization as complementary medium to explain machine learning models},
  author={Sevastjanova, Rita and Beck, Fabian and Ell, Basil and Turkay, Cagatay and Henkin, Rafael and Butt, Miriam and Keim, Daniel A and El-Assady, Mennatallah},
  booktitle={Workshop on Visualization for AI Explainability at IEEE VIS},
  year={2018}
}

@article{designStudy,
  title={Design study methodology: Reflections from the trenches and the stacks},
  author={Sedlmair, Michael and Meyer, Miriah and Munzner, Tamara},
  journal={IEEE transactions on visualization and computer graphics},
  volume={18},
  number={12},
  pages={2431--2440},
  year={2012},
  publisher={IEEE}
}
@article{binning,
  title={The analysis and applications of adaptive-binning color histograms},
  author={Leow, Wee Kheng and Li, Rui},
  journal={Computer Vision and Image Understanding},
  volume={94},
  number={1-3},
  pages={67--91},
  year={2004},
  publisher={Elsevier}
}

@article{xai,
  title={Towards XAI: Structuring the Processes of Explanations},
  author={El-Assady, Mennatallah and Jentner, Wolfgang and Kehlbeck, Rebecca and Schlegel, Udo and Sevastjanova, Rita and Sperrle, Fabian and Spinner, Thilo and Keim, Daniel}
}
@article{dtw_paper,
  title={Time-series clustering--a decade review},
  author={Aghabozorgi, Saeed and Shirkhorshidi, Ali Seyed and Wah, Teh Ying},
  journal={Information Systems},
  volume={53},
  pages={16--38},
  year={2015},
  publisher={Elsevier}
}


@article{keim2002information,
  title={Information visualization and visual data mining},
  author={Keim, Daniel A},
  journal={IEEE transactions on Visualization and Computer Graphics},
  volume={8},
  number={1},
  pages={1--8},
  year={2002},
  publisher={IEEE}
}
@article{aghabozorgi2015time,
  title={Time-series clustering--a decade review},
  author={Aghabozorgi, Saeed and Shirkhorshidi, Ali Seyed and Wah, Teh Ying},
  journal={Information Systems},
  volume={53},
  pages={16--38},
  year={2015},
  publisher={Elsevier}
}
@inproceedings{tensorflow,
  title={Tensorflow: A system for large-scale machine learning},
  author={Abadi, Mart{\'\i}n and Barham, Paul and Chen, Jianmin and Chen, Zhifeng and Davis, Andy and Dean, Jeffrey and Devin, Matthieu and Ghemawat, Sanjay and Irving, Geoffrey and Isard, Michael and others},
  booktitle={12th $\{$USENIX$\}$ Symposium on Operating Systems Design and Implementation ($\{$OSDI$\}$ 16)},
  pages={265--283},
  year={2016}
}
@article{2019survey,
  title={A survey on explainable artificial intelligence (xai): Towards medical xai},
  author={Tjoa, Erico and Guan, Cuntai},
  journal={arXiv preprint arXiv:1907.07374},
  year={2019}
}
@article{saliency,
  title={Deep inside convolutional networks: Visualising image classification models and saliency maps},
  author={Simonyan, Karen and Vedaldi, Andrea and Zisserman, Andrew},
  journal={arXiv preprint arXiv:1312.6034},
  year={2013}
}
@inproceedings{microsoft2015modeltracker,
  title={Modeltracker: Redesigning performance analysis tools for machine learning},
  author={Amershi, Saleema and Chickering, Max and Drucker, Steven M and Lee, Bongshin and Simard, Patrice and Suh, Jina},
  booktitle={Proceedings of the 33rd Annual ACM Conference on Human Factors in Computing Systems},
  pages={337--346},
  year={2015}
}

@article{IMLViz,
  title={Recent research advances on interactive machine learning},
  author={Jiang, Liu and Liu, Shixia and Chen, Changjian},
  journal={Journal of Visualization},
  volume={22},
  number={2},
  pages={401--417},
  year={2019},
  publisher={Springer}
}
@article{sensitivity,
  title={Sensitivity analysis of multilayer perceptron to input and weight perturbations},
  author={Zeng, Xiaoqin and Yeung, Daniel S},
  journal={IEEE Transactions on Neural Networks},
  volume={12},
  number={6},
  pages={1358--1366},
  year={2001},
  publisher={IEEE}
}
@inproceedings{LRP,
  title={Layer-wise relevance propagation for neural networks with local renormalization layers},
  author={Binder, Alexander and Montavon, Gr{\'e}goire and Lapuschkin, Sebastian and M{\"u}ller, Klaus-Robert and Samek, Wojciech},
  booktitle={International Conference on Artificial Neural Networks},
  pages={63--71},
  year={2016},
  organization={Springer}
}

@misc{mnist,
  title = {{Tensorflow Data Sets}},
  howpublished = "\url{https://www.tensorflow.org/datasets/catalog/mnist}",
  year = {2018}, 
  note = "[Online; accessed 19-July-2019]"
}

@misc{cifar10,
  title = {{Tensorflow Data Sets}},
  howpublished = "\url{https://www.tensorflow.org/datasets/catalog/cifar10}",
  year = {2018}, 
  note = "[Online; accessed 19-Feb-2020]"
}

@misc{airlines,
  title = {{Twitter US Airline Sentiment}},
  howpublished = "\url{https://www.kaggle.com/crowdflower/twitter-airline-sentiment}",
  year = {2015}, 
  note = "[Online; accessed 19-July-2019]"
}

@misc{dtw_wiki,
  title = {{Dyanmic Time Warping}},
  howpublished = "\url{https://en.wikipedia.org/wiki/Dynamic_time_warping}",
  year = {2015}, 
  note = "[Online; accessed 19-July-2019]"
}
@article{cdt,
  title={Matrix metalloproteinases and descending aortic aneurysms: parity, disparity, and switch},
  author={Theruvath, Tom P and Jones, Jeffrey A and Ikonomidis, John S},
  journal={Journal of cardiac surgery},
  volume={27},
  number={1},
  pages={81--90},
  year={2012},
  publisher={Wiley Online Library}
}
@article{dtw_share,
  title={Similarity measure and topology evolution of foreign exchange markets using dynamic time warping method: Evidence from minimal spanning tree},
  author={Wang, Gang-Jin and Xie, Chi and Han, Feng and Sun, Bo},
  journal={Physica A: Statistical Mechanics and its Applications},
  volume={391},
  number={16},
  pages={4136--4146},
  year={2012},
  publisher={Elsevier}
}
@article{iml2,
  title={Interactive machine learning for health informatics: when do we need the human-in-the-loop?},
  author={Holzinger, Andreas},
  journal={Brain Informatics},
  volume={3},
  number={2},
  pages={119--131},
  year={2016},
  publisher={Springer}
}
@inproceedings{xai2,
  title={Building explainable artificial intelligence systems},
  author={Core, Mark G and Lane, H Chad and Van Lent, Michael and Gomboc, Dave and Solomon, Steve and Rosenberg, Milton},
  booktitle={AAAI},
  pages={1766--1773},
  year={2006}
  }
  @article{darpa,
  title={DARPA's Explainable Artificial Intelligence Program},
  author={Gunning, David and Aha, David W},
  journal={AI Magazine},
  volume={40},
  number={2},
  pages={44--58},
  year={2019},
  publisher={Association for the Advancement of Artificial Intelligence}
}
@article{dynamicmuller2007,
  title={Dynamic time warping},
  author={M{\"u}ller, Meinard},
  journal={Information retrieval for music and motion},
  pages={69--84},
  year={2007},
  publisher={Springer}
}
@article{sortingoptimal,
  title={Optimal sorting algorithms for a simplified 2D array with reconfigurable pipelined bus system},
  author={He, Min and Wu, Xiaolong and Zheng, Si Qing and Englert, Burkhard},
  journal={IEEE Transactions on Parallel and Distributed Systems},
  volume={21},
  number={3},
  pages={303--312},
  year={2009},
  publisher={IEEE}
}
@article{xai3,
  title={Explanation in artificial intelligence: Insights from the social sciences},
  author={Miller, Tim},
  journal={Artificial Intelligence},
  volume={267},
  pages={1--38},
  year={2019},
  publisher={Elsevier}
}
@article{blackbox,
  title={Peeking inside the black-box: A survey on Explainable Artificial Intelligence (XAI)},
  author={Adadi, Amina and Berrada, Mohammed},
  journal={IEEE Access},
  volume={6},
  pages={52138--52160},
  year={2018},
  publisher={IEEE}
}
@article{ml_flaw1,
  title={Machine-learning algorithms for credit-card applications},
  author={DAVIS, Rober Hunter and Edelman, DB and Gammerman, AJ},
  journal={IMA Journal of Management Mathematics},
  volume={4},
  number={1},
  pages={43--51},
  year={1992},
  publisher={Oxford University Press}
}
@article{ml_flaw2,
  title={A study of statistical techniques and performance measures for genetics-based machine learning: accuracy and interpretability},
  author={Garc{\'\i}a, Salvador and Fern{\'a}ndez, Alberto and Luengo, Juli{\'a}n and Herrera, Francisco},
  journal={Soft Computing},
  volume={13},
  number={10},
  pages={959},
  year={2009},
  publisher={Springer}
}
@inproceedings{pca,
  title={The effect of principal component analysis on machine learning accuracy with high dimensional spectral data},
  author={Howley, Tom and Madden, Michael G and O’Connell, Marie-Louise and Ryder, Alan G},
  booktitle={International Conference on Innovative Techniques and Applications of Artificial Intelligence},
  pages={209--222},
  year={2005},
  organization={Springer}
}
@inproceedings{mein,
  title={eXplainable Artificial Intelligence},
  author={Sahil Pasricha},
  year={2019},
  organization={University konstanz}
}

